@article{intro-article,
author = {Zhu, Xiaojin},
year = {2008},
month = {07},
pages = {},
title = {Semi-Supervised Learning Literature Survey},
volume = {2},
journal = {Comput Sci, University of Wisconsin-Madison}
}


@article{socialmedia,
author = {Yu, Rose and Qiu, Huida and Wen, Zhen and Lin, ChingYung and Liu, Yan},
title = {A Survey on Social Media Anomaly Detection},
year = {2016},
issue_date = {June 2016},
publisher = {Association for Computing Machinery},
address = {New York, NY, USA},
volume = {18},
number = {1},
issn = {1931-0145},
url = {https://doi.org/10.1145/2980765.2980767},
doi = {10.1145/2980765.2980767},
journal = {SIGKDD Explor. Newsl.},
month = aug,
pages = {1â€“14},
numpages = {14}
}

@article{gene,
title = "Unsupervised machine learning for exploratory data analysis in imaging mass spectrometry",
author = "Nico Verbeeck and Caprioli, {Richard M.} and {Van de Plas}, Raf",
year = "2019",
url = {https://doi.org/10.1002/mas.21602},
doi = "10.1002/mas.21602",
language = "English",
volume = "39",
pages = "245--291",
journal = "Mass Spectrometry Reviews",
issn = "0277-7037",
publisher = "John Wiley and Sons",
number = "3"}

@unknown{unsupervised,
author = {Dridi, Salim},
year = {2022},
month = {04},
pages = {},
title = {Unsupervised Learning - A Systematic Literature Review},
doi = {10.31219/osf.io/kpqr6},
}

@Inbook{clusters,
author="Rokach, Lior
and Maimon, Oded",
editor="Maimon, Oded
and Rokach, Lior",
title="Clustering Methods",
bookTitle="Data Mining and Knowledge Discovery Handbook",
year="2005",
publisher="Springer US",
address="Boston, MA",
pages="321--352",
isbn="978-0-387-25465-4",
doi="10.1007/0-387-25465-X_15",
}

@misc{uc_r_kmeans,
  author       = {{University of Cincinnati Business Analytics R Programming Guide}},
  title        = {K-Means Clustering},
  year         = {2020},
  note         = {Accessed: 2025-07-03}
}

@misc{geeksforgeeks_elbow,
  author       = {{GeeksforGeeks}},
  title        = {Elbow Method for Optimal Value of K in KMeans},
  year         = {2021},
  note         = {Accessed: 2025-07-03}
}

@article{ikotun2023kmeans,
  title        = {K-means clustering algorithms: A comprehensive review, variants analysis, and advances in the era of big data},
  author       = {Ikotun, Abiodun M. and Ezugwu, Absalom E. and Abualigah, Laith and Abuhaija, Belal and Heming, Jia},
  journal      = {Information Sciences},
  volume       = {622},
  pages        = {178--210},
  year         = {2023},
  doi          = {10.1016/j.ins.2022.11.139}}

@article{tsne,
author = {van der Maaten, Laurens and Hinton, Geoffrey},
year = {2008},
month = {11},
pages = {2579-2605},
title = {Viualizing data using t-SNE},
volume = {9},
journal = {Journal of Machine Learning Research}
}

@misc{screeplot,
  author       = {Sanchita Mangale},
  title        = {Scree Plot},
  howpublished = {\url{https://sanchitamangale12.medium.com/scree-plot-733ed72c8608}},
  year         = {2021},
  note         = {Accessed: 2025-07-03}
}

@Inbook{James2021,
author="James, Gareth
and Witten, Daniela
and Hastie, Trevor
and Tibshirani, Robert",
title="Unsupervised Learning",
bookTitle="An Introduction to Statistical Learning: with Applications in R",
year="2021",
publisher="Springer US",
address="New York, NY",
pages="497--552",
doi="10.1007/978-1-0716-1418-1_12",
}

 @article{Hui_2018, title={AlphaGo: How it works technically? - Jonathan Hui}, url={https://jonathan-hui.medium.com/alphago-how-it-works-technically-26ddcc085319}, journal={Medium}, author={Hui, Jonathan}, year={2018}, month=may }

@incollection{generative,
  author       = {Ye, Jong Chul},
  title        = {Generative Models and Unsupervised Learning},
  booktitle    = {Geometry of Deep Learning: A Signal Processing Perspective},
  publisher    = {Springer Nature Singapore},
  year         = {2022},
  address      = {Singapore},
  pages        = {267--313},
  isbn         = {978-981-16-6046-7},
  doi          = {10.1007/978-981-16-6046-7_13}
}

@article{supervised,
author = {Iqbal, Muhammad and Yan, Zhu},
year = {2015},
month = {04},
pages = {946-952},
title = {SUPERVISED MACHINE LEARNING APPROACHES: A SURVEY},
volume = {5},
journal = {International Journal of Soft Computing},
doi = {10.21917/ijsc.2015.0133}
}

@article{umap,
  title={UMAP: Uniform Manifold Approximation and Projection for Dimension Reduction},
  author={McInnes, Leland and Healy, John and Melville, James},
  journal={arXiv preprint arXiv:1802.03426},
  year={2018},
  url={https://arxiv.org/abs/1802.03426}
}

@inbook{isomap,
author = {Tripathy, B.K. and Anveshrithaa, S and Ghela, Shrusti},
year = {2021},
month = {07},
pages = {53-65},
title = {Isomap},
isbn = {9781003190554},
doi = {10.1201/9781003190554-7}
}

@article{
LLE,
author = {Sam T. Roweis  and Lawrence K. Saul },
title = {Nonlinear Dimensionality Reduction by Locally Linear Embedding},
journal = {Science},
volume = {290},
number = {5500},
pages = {2323-2326},
year = {2000},
doi = {10.1126/science.290.5500.2323},
eprint = {https://www.science.org/doi/pdf/10.1126/science.290.5500.2323}}

@article{autoencoder,
author = {Hinton, G.E. and Salakhutdinov, R.R.},
year = {2006},
month = {08},
pages = {504-7},
title = {Reducing the Dimensionality of Data with Neural Networks},
volume = {313},
journal = {Science (New York, N.Y.)},
doi = {10.1126/science.1127647}
}

@inproceedings{ester1996dbscan,
author = {Ester, Martin and Kriegel, Hans-Peter and Sander, J\"{o}rg and Xu, Xiaowei},
title = {A Density-Based Algorithm for Discovering Clusters in Large Spatial Databases with Noise},
booktitle = {Proceedings of the Second International Conference on Knowledge Discovery and Data Mining},
series = {KDD '96},
year = {1996},
pages = {226--231},
publisher = {AAAI Press},
url = {https://cdn.aaai.org/KDD/1996/KDD96-037.pdf}
}

@article{xu2005clustering,
author = {Xu, Rui and Wunsch, Donald},
title = {Survey of clustering algorithms},
journal = {IEEE Transactions on Neural Networks},
year = {2005},
volume = {16},
number = {3},
pages = {645--678},
doi = {10.1109/TNN.2005.845141},
url = {https://www.researchgate.net/profile/Rui-Xu/publication/224278933_A_Survey_of_Clustering_Algorithms/links/0fcfd5130b580da65f000000/A-Survey-of-Clustering-Algorithms.pdf}
}

@misc{scikitlearn_clustering,
author = {{scikit-learn developers}},
title = {Clustering --- scikit-learn documentation},
howpublished = {\url{https://scikit-learn.org/stable/modules/clustering.html#dbscan}},
note = {Accessed: 2025-01-03}
}

@book{manning2008information,
author = {Manning, Christopher D. and Raghavan, Prabhakar and Sch\"{u}tze, Hinrich},
title = {Introduction to Information Retrieval},
year = {2008},
publisher = {Cambridge University Press},
address = {Cambridge, UK},
isbn = {978-0521865715},
url = {https://nlp.stanford.edu/IR-book/pdf/17hier.pdf}
}

@article{agrawal1993mining,
author = {Agrawal, Rakesh and Imielinski, Tomasz and Swami, Arun},
title = {Mining Association Rules between Sets of Items in Large Databases},
journal = {ACM SIGMOD Record},
year = {1993},
volume = {22},
number = {2},
pages = {207--216},
doi = {10.1145/170035.170072},
url = {https://dl.acm.org/doi/pdf/10.1145/170035.170072}
}

@inproceedings{agrawal1994fast,
author = {Agrawal, Rakesh and Srikant, Ramakrishnan},
title = {Fast Algorithms for Mining Association Rules},
booktitle = {Proceedings of the 20th International Conference on Very Large Data Bases},
series = {VLDB '94},
year = {1994},
pages = {487--499},
publisher = {Morgan Kaufmann Publishers Inc.},
url = {https://www.almaden.ibm.com/cs/projects/iis/hdb/Publications/papers/vldb94_rj.pdf}
}

@article{vijayalakshmi2015survey,
author = {Vijayalakshmi, T. R. and Shanthi, B. and Aruna, S.},
title = {A Survey on Association Rule Mining},
journal = {International Journal of Advanced Research in Computer and Communication Engineering},
year = {2015},
volume = {4},
number = {3},
url = {https://www.researchgate.net/publication/281745526_A_Survey_on_Association_Rule_Mining}
}

@inbook{tan2005clustering,
author = {Tan, Pang-Ning and Steinbach, Michael and Kumar, Vipin},
title = {Cluster Analysis: Basic Concepts and Algorithms},
booktitle = {Introduction to Data Mining},
chapter = {8},
year = {2005},
publisher = {Pearson},
address = {Boston, MA},
isbn = {978-0321321367},
url = {https://www-users.cse.umn.edu/~kumar/dmbook/ch8.pdf}
}

@article{saxena2017clustering,
author = {Saxena, Amit and Prasad, Mukesh and Gupta, Akshansh and Bharill, Neha and Patel, Om Prakash and Tiwari, Aruna and Er, Meng Joo and Ding, Weiping and Lin, Chin-Teng},
title = {A review of clustering techniques and developments},
journal = {Neurocomputing},
year = {2017},
volume = {267},
pages = {664--681},
doi = {10.1016/j.neucom.2017.06.053},
url = {https://link.springer.com/article/10.1007/s40745-015-0040-1}
}









